@misc{Wikipedia,
  title = {Strona g³ówna {Wikipedia}},
  howpublished = {\url{https://pl.wikipedia.org/}},
  note = {[Dostêp dnia 13.12.2022]}
}

@misc{Medium,
  title = {Strona g³ówna {Medium}},
  howpublished = {\url{https://medium.com/}},
  note = {[Dostêp dnia 13.12.2022]}
}


@misc{Java,
  title = {Dokumentacja jêzyka {Java} w wersji 17},
  howpublished = {\url{https://docs.oracle.com/en/java/javase/17/}},
  note = {[Dostêp dnia 13.12.2022]}
}

@misc{Spring,
  title = {Dokumentacja frameworka {Spring}},
  howpublished = {\url{https://docs.spring.io/spring-framework/docs/current/reference/html/}},
  note = {[Dostêp dnia 13.12.2022]}
}

@misc{React,
  title = {Dokumentacja biblioteki {React}},
  howpublished = {\url{https://reactjs.org/docs/getting-started.html/}},
  note = {[Dostêp dnia 13.12.2022]}
}

@misc{TypeScript,
  title = {Dokumentacja jêzyka {TypeScript}},
  howpublished = {\url{https://redux.js.org/api/api-reference/}},
  note = {[Dostêp dnia 13.12.2022]}
}

@misc{Redux,
  title = {Dokumentacja biblioteki {Redux}},
  howpublished = {\url{https://redux.js.org/api/api-reference/}},
  note = {[Dostêp dnia 13.12.2022]}
}

@misc{MUI,
  title = {Dokumentacja biblioteki {MUI}},
  howpublished = {\url{https://mui.com/material-ui/getting-started/overview/}},
  note = {[Dostêp dnia 13.12.2022]}
}

@misc{PostgreSQL,
  title = {Dokumentacja {PostgreSQL}},
  howpublished = {\url{https://www.postgresql.org/docs/}},
  note = {[Dostêp dnia 13.12.2022]}
}

@misc{MongoDB,
  title = {Dokumentacja {MongoDB}},
  howpublished = {\url{https://www.mongodb.com/docs/}},
  note = {[Dostêp dnia 13.12.2022]}
}

@misc{NGINX,
  title = {Dokumentacja {NGINX}},
  howpublished = {\url{https://nginx.org/en/docs/}},
  note = {[Dostêp dnia 13.12.2022]}
}

@misc{Keycloak,
  title = {Dokumentacja {Keycloak}},
  howpublished = {\url{https://www.keycloak.org/documentation/}},
  note = {[Dostêp dnia 13.12.2022]}
}

	
@misc{LaTeX,
  title = {Dokumentacja {LaTeX}},
  howpublished = {\url{https://www.latex-project.org/help/documentation/}},
  note = {[Dostêp dnia 13.12.2022]}
}

@misc{Visual,
  title = {Dokumentacja {VisualParadigm}},
  howpublished = {\url{https://www.visual-paradigm.com/support/documents/}},
  note = {[Dostêp dnia 13.12.2022]}
}

@misc{Figma,
  title = {Dokumentacja {Figma}},
  howpublished = {\url{https://help.figma.com/hc/en-us/categories/360002051613-Get-started/}},
  note = {[Dostêp dnia 13.12.2022]}
}

@misc{pgAdmin,
  title = {Dokumentacja {pgAdmin}},
  howpublished = {\url{https://www.pgadmin.org/docs/}},
  note = {[Dostêp dnia 13.12.2022]}
}

@misc{MongoDBCompass,
  title = {Dokumentacja {MongoDBCompass}},
  howpublished = {\url{https://www.mongodb.com/docs/compass/current/}},
  note = {[Dostêp dnia 13.12.2022]}
}

@misc{Code,
  title = {Dokumentacja {Visual Studio Code}},
  howpublished = {\url{https://code.visualstudio.com/docs/}},
  note = {[Dostêp dnia 13.12.2022]}
}

@misc{Itellij,
  title = {Dokumentacja {Itellij}},
  howpublished = {\url{https://www.jetbrains.com/help/idea/getting-started.html/}},
  note = {[Dostêp dnia 13.12.2022]}
}

@misc{Postman,
  title = {Dokumentacja {Postman}},
  howpublished = {\url{https://learning.postman.com/docs/publishing-your-api/documenting-your-api/}},
  note = {[Dostêp dnia 13.12.2022]}
}

@misc{REST-assured,
  title = {Dokumentacja {REST-assured}},
  howpublished = {\url{https://github.com/rest-assured/rest-assured/wiki/GettingStarted}},
  note = {[Dostêp dnia 13.12.2022]}
}

@misc{Swagger,
  title = {Dokumentacja {Swagger}},
  howpublished = {\url{https://swagger.io/docs/}},
  note = {[Dostêp dnia 13.12.2022]}
}

@misc{Docker,
  title = {Dokumentacja {Docker}},
  howpublished = {\url{https://docs.docker.com/}},
  note = {[Dostêp dnia 13.12.2022]}
}

@misc{MongoDBCloud,
  title = {Dokumentacja {MongoDB Cloud}},
  howpublished = {\url{https://www.mongodb.com/docs/atlas/}},
  note = {[Dostêp dnia 13.12.2022]}
}

@misc{Azure,
  title = {Dokumentacja {Azure}},
  howpublished = {\url{https://learn.microsoft.com/en-us/azure/?product=popular/}},
  note = {[Dostêp dnia 13.12.2022]}
}